%% This BibTeX bibliography file was created using BibDesk.
%% http://bibdesk.sourceforge.net/


%% Created for Florian Wechsung at 2015-06-24 17:00:04 +0200 

@article{Garcke:2015aa,
    author   = {Garcke, Harald and Hecht, Claudia and {Hinze Christian Kahle Kei Fong Lam}, Michael},
    keywords = {35Q35,35R35,49Q12,Shape optimization,drag,lift,phase-field method},
    title    = {{Shape optimization for surface functionals in Navierâ€“Stokes flow using a phase field approach}},
    url      = {https://arxiv.org/pdf/1504.06402.pdf},
    year     = {2015}
}
@article{Bourdin:2003aa,
    author        = {Bourdin, Blaise and Chambolle, Antonin},
    doi           = {10.1051/cocv:2002070},
    eprint        = {arXiv:1209.0406},
    isbn          = {1262-3377},
    issn          = {1292-8119},
    journal       = {ESAIM: Control, Optimisation and Calculus of Variations},
    keywords      = {74P05,74P15,Mathematics Subject Classification 49Q20},
    pages         = {19--48},
    title         = {{Design-dependent loads in topology optimization}},
    volume        = {9},
    year          = {2003}
}
@article{Bendsoe:1989aa,
    author  = {Bends{\o}e, M. P.},
    doi     = {10.1007/BF01650949},
    isbn    = {1615-147X},
    issn    = {09344373},
    journal = {Structural Optimization},
    number  = {4},
    pages   = {193--202},
    pmid    = {22047477},
    title   = {{Optimal shape design as a material distribution problem}},
    volume  = {1},
    year    = {1989}
}
@article{Sigmund:1998aa,
    title     = {Numerical instabilities in topology optimization: a survey on procedures dealing with checkerboards, mesh-dependencies and local minima},
    author    = {Sigmund, Ole and Petersson, Joakim},
    journal   = {Structural and Multidisciplinary Optimization},
    volume    = {16},
    number    = {1},
    pages     = {68--75},
    year      = {1998},
    publisher = {Springer}
}
@book{Hinze:2009aa,
    author    = {Hinze, Michael and Pinnau, Rene and Ulbrich, Michael and Ulbrich, Stefan},
    isbn      = {1402088396},
    pages     = {270},
    publisher = {Springer},
    title     = {{Optimization with PDE Constraints}},
    year      = {2009}
}
@book{Ekeland:1983aa,
    author = {Ekeland, Ivar and Turnbull, Thomas},
    isbn   = {0-226-19987-8; 0-226-19988-6},
    pages  = {viii+166},
    title  = {{Infinite-dimensional optimization and convexity}},
    year   = {1983}
}
@article{Cai:2010aa,
    author  = {Cai, Jian-Feng and Osher, Stanley},
    doi     = {10.4310/MAA.2013.v20.n4.a2},
    issn    = {10732772},
    journal = {UCLA CAM Report},
    pages   = {1--14},
    title   = {{Fast Singular Value Thresholding without Singular Value Decomposition}},
    year    = {2010}
}

%% Saved with string encoding Unicode (UTF-8) 

@book{Ito:2008aa,
    author    = {Ito, Kazufumi. and Kunisch, Karl},
    doi       = {10.1137/1.9780898718614},
    isbn      = {978-0-89871-649-8},
    issn      = {00255718},
    pages     = {360},
    publisher = {Society for Industrial and Applied Mathematics (SIAM, 3600 Market Street, Floor 6, Philadelphia, PA 19104)},
    title     = {{Lagrange Multiplier Approach to Variational Problems and Applications}},
    year      = {2008}
}
@article{Watson:1992aa,
    author   = {Watson, G. A.},
    doi      = {10.1016/0024-3795(92)90407-2},
    isbn     = {0024-3795},
    issn     = {00243795},
    journal  = {Linear Algebra and Its Applications},
    month    = {jun},
    number   = {C},
    pages    = {33--45},
    title    = {{Characterization of the subdifferential of some matrix norms}},
    volume   = {170},
    year     = {1992}
}
@article{Ito:2000aa,
    author  = {Ito, Kazufumi and Kunisch, Karl},
    doi     = {10.1016/S0362-546X(98)00299-5},
    isbn    = {0-8247-9607-1},
    issn    = {0362546X},
    journal = {Nonlinear Analysis: Theory, Methods {\&} Applications},
    number  = {5-6},
    pages   = {591--616},
    title   = {{Augmented Lagrangian methods for nonsmooth, convex optimization in Hilbert spaces}},
    volume  = {41},
    year    = {2000}
}
@book{Alt:2012aa,
    address   = {Berlin, Heidelberg},
    author    = {Alt, Hans Wilhelm},
    doi       = {10.1007/978-3-642-22261-0},
    isbn      = {978-3-642-22260-3},
    publisher = {Springer Berlin Heidelberg},
    title     = {{Lineare Funktionalanalysis}},
    url       = {http://link.springer.com/10.1007/978-3-642-22261-0},
    year      = {2012}
}
@book{Adams:2003aa,
    author    = {Adams, Robert and Fournier, John},
    edition   = {2nd},
    isbn      = {9780120441433},
    pages     = {305},
    publisher = {Academic Press},
    title     = {{Sobolev spaces}},
    year      = {2003}
}
@article{Sturm:2016aa,
    archivePrefix = {arXiv},
    arxivId       = {1608.02699},
    author        = {Sturm, Kevin},
    eprint        = {1608.02699},
    month         = {aug},
    title         = {{Convergence of Newton's method in shape optimisation via approximate normal functions}},
    year          = {2016}
}
@article{Kirszbraun:1934aa,
    author  = {Kirszbraun, M. D.},
    journal = {Fund. Math.},
    pages   = {77 -- 108},
    title   = {{{\"{U}}ber die zusammenziehende und Lipschitzsche Transformationen}},
    volume  = {22},
    year    = {1934}
}
@article{Bello:1997aa,
    author    = {Bello, Juan Antonio and Fern{\'{a}}ndez-Cara, Enrique and Lemoine, J\'er\^ome  and Simon, Jacques},
    doi       = {10.1137/S0363012994278213},
    issn      = {03630129},
    journal   = {SIAM Journal on Control and Optimization},
    month     = {mar},
    number    = {2},
    pages     = {626--640},
    publisher = {Society for Industrial and Applied Mathematics},
    title     = {{The Differentiability of the Drag with Respect to the Variations of a Lipschitz Domain in a Navier--Stokes Flow}},
    volume    = {35},
    year      = {1997}
}
@article{Hofmann:2007aa,
    author    = {Hofmann, Steve and Mitrea, Marius and Taylor, Michael},
    doi       = {10.1007/BF02937431},
    issn      = {10506926},
    journal   = {Journal of Geometric Analysis},
    month     = {dec},
    number    = {4},
    pages     = {593--647},
    publisher = {Springer-Verlag},
    title     = {{Geometric and transformational properties of Lipschitz domains, Semmes-Kenig-Toro domains, and other classes of finite perimeter domains}},
    volume    = {17},
    year      = {2007}
}
@book{Evans:2015aa,
    author    = {Evans, Lawrence C Ronald F. Gariepy and Gariepy, Ronald F.},
    isbn      = {0849371570},
    issn      = {9780849371578},
    pages     = {330},
    publisher = {CRC Press},
    title     = {{Measure theory and fine properties of functions Revised Edition}},
    year      = {2015}
}
@book{Grisvard:2011aa,
    author    = {Grisvard, Pierre},
    doi       = {10.1137/1.9781611972030},
    isbn      = {978-1-61197-202-3},
    issn      = {0036-1445},
    month     = {jan},
    publisher = {Society for Industrial and Applied Mathematics},
    title     = {{Elliptic Problems in Nonsmooth Domains}},
    year      = {2011}
}
@article{Micheletti:1972aa,
    author  = {Micheletti, A},
    journal = {Ann. Scuola Norm. Sup. Pisa.},
    number  = {3},
    pages   = {683--694},
    title   = {{Metrica per familglie di domini limitati a propriet{\'{a}} generiche degli autovalori}},
    volume  = {26},
    year    = {1972}
}
@book{Delfour:2011aa,
    author    = {Delfour, Michel C. and Zol\'esio, J.-P.},
    isbn      = {0898719828},
    pages     = {622},
    publisher = {Society for Industrial and Applied Mathematics},
    title     = {{Shapes and geometries : metrics, analysis, differential calculus, and optimization}},
    year      = {2011}
}
@book{Hinze:2010aa,
	title     = {Optimization with PDE Constraints},
	author    = {Hinze, M. and Pinnau, R. and Ulbrich, M. and Ulbrich, S.},
	isbn      = {9789048180035},
	series    = {Mathematical Modelling: Theory and Applications},
	url       = {https://books.google.co.uk/books?id=GYPAYgEACAAJ},
	year      = {2010},
	publisher = {Springer Netherlands}}

@inbook{Palacios:2015aa,
	Author    = {Francisco Palacios and Thomas D. Economon and Juan J. Alonso},
	Booktitle = {53rd AIAA Aerospace Sciences Meeting},
	Month     = {2016/09/25},
	Publisher = {American Institute of Aeronautics and Astronautics},
	Title     = {Large-scale aircraft design using SU2},
	Title1    = {AIAA SciTech},
	Year      = {2015}}

@article{Hadamard:1968aa,
	author  = {Hadamard, J.},
	title   = {M\'emoire sur le probl\`eme d'analyse relatif \`a l'\'equilibre des plaques \'elastiques encastr\'ees},
	journal = {\OE{}uvres},
	volume  = 2,
	year    = 1968,
	pages   = {515-631}}

@article{Hiptmair:2015aa,
	author     = {Hiptmair, R. and Paganini, A. and Sargheini, S.},
	title      = {Comparison of approximate shape gradients},
	journal    = {BIT},
	fjournal   = {BIT. Numerical Mathematics},
	volume     = {55},
	year       = {2015},
	number     = {2},
	pages      = {459--485},
	issn       = {0006-3835},
	mrclass    = {65N30 (49Q12)},
	mrnumber   = {3348199},
	mrreviewer = {Aziz Belmiloudi},
	doi        = {10.1007/s10543-014-0515-z},
	url        = {http://dx.doi.org/10.1007/s10543-014-0515-z},
}
@book{Mohammadi:2001aa,
	title     = {Applied Shape Optimization for Fluids},
	author    = {Mohammadi, B. and Pironneau, O.},
	isbn      = {9780198507437},
	lccn      = {20010217},
	series    = {Numerical mathematics and scientific computation},
	year      = {2001},
	publisher = {Clarendon Press}
}
@article{Michor:2006aa,
	author    = {Peter W. Michor and David Mumford},
	journal   = {Journal of the European Mathematical Society},
	number    = {1},
	pages     = {1-48},
	publisher = {European Mathematical Society Publishing House},
	title     = {Riemannian geometries on spaces of plane curves},
	url       = {http://eudml.org/doc/277745},
	volume    = {008},
	year      = {2006},
}
@phdthesis{Paganini:2016aa,
	author  = "Paganini, Alberto",
	title   = "{N}umerical {S}hape {O}ptimization with {F}inite {E}lements",
	year    = 2016,
	address = "ETH Z{\"{u}}rich",
}
@article{Silvester:1994aa,
	author  = "David Silvester and Andrew Wathen",
	title   = "{Fast Iterative Solution of Stabilised Stokes Systems Part II: Using General Block Preconditioners}",
	journal = {SIAM Journal on Numerical Analysis},
	volume  = {31},
	number  = {5},
	pages   = {1352-1367},
	year    = {1994}
}
@article{VanderVorst:1992aa,
	author     = {van der Vorst, H. A.},
	title      = "{BI-CGSTAB: A Fast and Smoothly Converging Variant of BI-CG for the Solution of Nonsymmetric Linear Systems}",
	journal    = {SIAM J. Sci. Stat. Comput.},
	issue_date = {March 1992},
	volume     = {13},
	number     = {2},
	month      = mar,
	year       = {1992},
	issn       = {0196-5204},
	pages      = {631--644},
	doi        = {10.1137/0913035},
	publisher  = {Society for Industrial and Applied Mathematics},
	address    = {Philadelphia, PA, USA},
} 
@article{Schulz:2012aa,
	title = "{A Riemannian View on Shape Optimization}",
	author = "Volker Schulz",
	version = "2",
	year = "2014",
	eprinttype = "arxiv",
	eprint = "arXiv:1203.1493"
}

@article{Schulz:2014aa,
	title = "{Structured inverse modeling in parabolic diffusion processess}",
	author = "Volker Schulz and Martin Siebenborn and Kathrin Welker",
	version = "2",
	year = "2015",
	eprinttype = "arxiv",
	eprint = "arXiv:1409.3464"
}

@article{Schulz:2015aa,
	title = "{Efficient PDE constrained shape optimization based on Steklov-Poincar\'e type metrics}",
	author = "Volker Schulz and Martin Siebenborn and Kathrin Welker",
	version = "5",
	year = "2016",
	eprinttype = "arxiv",
	eprint = "arXiv:1506.02244"
}

@book{Nodedal:2006aa,
   title     = "Numerical Optimization",
   author    = "Nocedal, Jorge and Wright, Steve J.",
   series    = "Springer Series in Operations Research and Financial Engineering",
   publisher = "Springer",
   address   = "Berlin",
   url       = "http://opac.inria.fr/record=b1120179",
   isbn      = "978-0387-30303-1",
   year      = 2006
}
@book{Ayachit:2015aa,
	author    = "Ayachit, Utkarsh",
	title     = {The ParaView Guide: A Parallel Visualization Application},
	year      = {2015},
	isbn      = {1930934300, 9781930934306},
	publisher = {Kitware, Inc.},
	address   = {USA},
} 
@article {Geuzaine:2009aa,
	author    = {Geuzaine, Christophe and Remacle, Jean-Fran\c{c}ois},
	title     = {Gmsh: A 3-D finite element mesh generator with built-in pre- and post-processing facilities},
	journal   = {International Journal for Numerical Methods in Engineering},
	volume    = {79},
	number    = {11},
	publisher = {John Wiley \& Sons, Ltd.},
	issn      = {1097-0207},
	url       = {http://dx.doi.org/10.1002/nme.2579},
	doi       = {10.1002/nme.2579},
	pages     = {1309--1331},
	keywords  = {computer-aided design, mesh generation, post-processing, finite element method, open-source software},
	year      = {2009},
}
@TechReport{petsc-user-ref,
	Author      = {Satish Balay and Shrirang Abhyankar and Mark F. Adams and Jed Brown and Peter Brune
		and Kris Buschelman and Lisandro Dalcin and Victor Eijkhout and William D. Gropp
			and Dinesh Kaushik and Matthew G. Knepley
			and Lois Curfman McInnes and Karl Rupp and Barry F. Smith
			and Stefano Zampini and Hong Zhang and Hong Zhang},
	Title       = {{PETS}c Users Manual},
	Number      = {ANL-95/11 - Revision 3.7},
	Institution = {Argonne National Laboratory},
	Year        = {2016}
}
@InProceedings{petsc-efficient,
	Author    = {Satish Balay and William D. Gropp and Lois Curfman McInnes and Barry F. Smith},
	Title     = {Efficient Management of Parallelism in Object Oriented Numerical Software Libraries},
	Booktitle = {Modern Software Tools in Scientific Computing},
	Editor    = {E. Arge and A. M. Bruaset and H. P. Langtangen},
	Pages     = {163--202},
	Publisher = {Birkh{\"{a}}user Press},
	Year      = {1997}
}
@Article{Dalcin:2011aa,
	Author  = {Lisandro D. Dalcin and Rodrigo R. Paz and Pablo A. Kler and Alejandro Cosimo},
	Title   = {Parallel distributed computing using {P}ython},
	Journal = {Advances in Water Resources},
	Note    = {New Computational Methods and Software Tools},
	Volume  = {34},
	Number  = {9},
	Pages   = {1124--1139},
	Year    = {2011},
	DOI     = {http://dx.doi.org/10.1016/j.advwatres.2011.04.013}
}

@article{Rathgeber:2015aa,
	author        = {Florian Rathgeber and David A. Ham and Lawrence
		Mitchell and Michael Lange and Fabio Luporini and
			Andrew T. T. McRae and Gheorghe-Teodor Bercea and
			Graham R. Markall and Paul H. J. Kelly},
	title         = {Firedrake: automating the finite element method by
		composing abstractions},
	journal       = {Submitted to ACM TOMS},
	year          = 2015,
	eprint        = "arXiv:1501.01809",
	primaryClass = "hep-th",
	url           = {http://arxiv.org/abs/1501.01809}}

@phdthesis{Schmidt:2010aa,
	author    = "Stephan Schmidt",
	title     = "{Efficient Large Scale Aerodynamic Design Based on Shape Calculus}",
	year      = "2010",
	school    = "University of Trier, Germany"}

@article{Schulz:2016aa,
    author        = "Volker Schulz and Martin Siebenborn",
    title         = {{Computational comparison of surface metrics for PDE constrained shape optimization}},
    year          = "2016",
    eprint        = "arXiv:1509.08601",
    primaryClass  = "math.OC"}

@article{Schmidt:2014aa,
    author        = "Stephan Schmidt",
    title         = {{A Two Stage CVT / Eikonal Convection Mesh Deformation Approach for Large Nodal Deformations}},
    year          = "2014",
    eprint        = "arXiv:1411.7663",
    primaryClass  = "cs.NA"}

@misc{RiceCS,
	title = {Rice University Compressive Sensing Ressources},
	author = {http://dsp.rice.edu/cs}}

@article{Candes:2009aa,
	author="Cand{\`e}s, Emmanuel J.	and Recht, Benjamin",
	title="Exact Matrix Completion via Convex Optimization",
	journal="Foundations of Computational Mathematics",
	year="2009",
	volume="9",
	number="6",
	pages="717--772"}

@article{Davenport:2012aa,
	author = "Mark A. Davenport and Marco F. Duarte and Yonina C. Eldar and Gitta Kutyniok",
	editor = "Yonina C. Eldar and Gitta Kutyniok",
	title = {Introduction to compressed sensing}, 
	booktitle = {Compressed Sensing}, 
	publisher = {Cambridge University Press}, 
	year = {2012},
	pages = {1--64},
	note = {Cambridge Books Online}}

@article{Pati:1993aa, 
	author={Y. C. Pati and R. Rezaiifar and P. S. Krishnaprasad}, 
	booktitle={Signals, Systems and Computers, 1993. 1993 Conference Record of The Twenty-Seventh Asilomar Conference on}, 
	title={Orthogonal matching pursuit: recursive function approximation with applications to wavelet decomposition}, 
	year={1993}, 
	pages={40-44 vol.1}, 
	doi={10.1109/ACSSC.1993.342465}, 
	month={Nov}}

@article{Mallat:1993aa, 
	author={S. G. Mallat and Zhifeng Zhang}, 
	journal={IEEE Transactions on Signal Processing}, 
	title={Matching pursuits with time-frequency dictionaries}, 
	year={1993}, 
	volume={41}, 
	number={12}, 
	pages={3397-3415}, 
	doi={10.1109/78.258082}, 
	month={Dec}}

@article{Blumensath:2008aa,
	author = {Blumensath, Thomas and Davies, Mike E.},
	journal = {CoRR},
	title = {Iterative Hard Thresholding for Compressed Sensing},
	volume = {abs/0805.0510},
	year = 2008}

@article{Bah:2013aa, 
	author={B. Bah and J. Tanner}, 
	journal={IEEE Transactions on Information Theory}, 
	title={Vanishingly Sparse Matrices and Expander Graphs, With Application to Compressed Sensing}, 
	year={2013}, 
	volume={59}, 
	number={11}, 
	pages={7491-7508}, 
	doi={10.1109/TIT.2013.2274267}, 
	ISSN={0018-9448}, 
	month={Nov}}

@article{Donoho:2006aa, 
	author={D. L. Donoho}, 
	journal={IEEE Transactions on Information Theory}, 
	title={Compressed sensing}, 
	year={2006}, 
	volume={52}, 
	number={4}, 
	pages={1289-1306}, 
	month={April}}

@article{Candes:2005aa, 
	author={E. J. Candes and T. Tao}, 
	journal={IEEE Transactions on Information Theory}, 
	title={Decoding by linear programming}, 
	year={2005}, 
	volume={51}, 
	number={12}, 
	pages={4203-4215}, 
	doi={10.1109/TIT.2005.858979}, 
	month={Dec}}

@article{Jafarpour:2009aa, 
	author={S. Jafarpour and W. Xu and B. Hassibi and R. Calderbank}, 
	journal={IEEE Transactions on Information Theory}, 
	title={Efficient and Robust Compressed Sensing Using Optimized Expander Graphs}, 
	year={2009}, 
	volume={55}, 
	number={9}, 
	pages={4299-4308}, 
	month={Sept}}

@article{Xu:2007aa, 
	author={W. Xu and B. Hassibi}, 
	booktitle={Information Theory Workshop, 2007. ITW '07. IEEE}, 
	title={Efficient Compressive Sensing with Deterministic Guarantees Using Expander Graphs}, 
	year={2007}, 
	pages={414-419}, 
	doi={10.1109/ITW.2007.4313110}, 
	month={Sept}}

@article{Berinde:2008aa, 
	author={R. Berinde and P. Indyk and M. Ruzic}, 
	booktitle={Communication, Control, and Computing, 2008 46th Annual Allerton Conference on}, 
	title={Practical near-optimal sparse recovery in the L1 norm}, 
	year={2008}, 
	pages={198-205}, 
	doi={10.1109/ALLERTON.2008.4797556}, 
	month={Sept}}

@article{Berinde:2009aa, 
	author={R. Berinde and P. Indyk}, 
	booktitle={Communication, Control, and Computing, 2009. Allerton 2009. 47th Annual Allerton Conference on}, 
	title={Sequential Sparse Matching Pursuit}, 
	year={2009}, 
	pages={36-43}, 
	doi={10.1109/ALLERTON.2009.5394834}, 
	month={Sept}}

@article{Blanchard:2015aa, 
	author={J. D. Blanchard and J. Tanner and K. Wei}, 
	journal={IEEE Transactions on Signal Processing}, 
	title={Conjugate Gradient Iterative Hard Thresholding: Observed Noise Stability for Compressed Sensing}, 
	year={2015}, 
	volume={63}, 
	number={2}, 
	pages={528-537}, 
	doi={10.1109/TSP.2014.2379665}, 
	month={Jan}}

@article{Yang:199aa,
    author = {Yang, David X. D. and El Gamal, Abbas},
    title = {Comparative analysis of SNR for image sensors with enhanced dynamic range},
    journal = {Proc. SPIE},
    volume = {3649},
    number = {},
    pages = {197-211},
    year = {1999},
    doi = {10.1117/12.347075}}

@Inbook{Cevher:2008aa,
    author    = "Cevher, Volkanand Sankaranarayanan, Aswinand Duarte, Marco F.and Reddy, Dikpaland Baraniuk, Richard G.and Chellappa, Rama",
    chapter   = "Compressive Sensing for Background Subtraction",
    title     = "Computer Vision -- ECCV 2008",
    year      = "2008",
    publisher = "Springer Berlin Heidelberg",
    address   = "Berlin, Heidelberg",
    pages     = "155--168",
    isbn      = "978-3-540-88688-4"
}

@Inbook{Boche:2015aa,
    author    = "Holger Boche and Robert Calderbank and Gitta Kutyniok and Jan Vyb{\'i}ral",
    chapter   = "A Survey of Compressed Sensing",
    title     = "Compressed Sensing and its Applications: MATHEON Workshop 2013",
    year      = "2015",
    publisher = "Springer International Publishing",
    address   = "Cham",
    pages     = "1--39",
    isbn      = "978-3-319-16042-9",
    doi       = "10.1007/978-3-319-16042-9_1"
}

@article{Vaezi:2013aa,
    author        = "Mojtaba Vaezi and Fabrice Labeau",
    title         = "Wyner-Ziv Coding in the Real Field Based on BCH-DFT Codes",
    year          = "2013",
    archivePrefix = "arXiv",
    eprint        = "1301.0297",
    primaryClass  = "cs.IT"}

@article{He:2013aa,
	author  = {Zaixing HE and Takahiro OGAWA and Miki HASEYAMA and Xinyue ZHAO and Shuyou ZHANG},
	title   = {A Compressed Sensing-Based Low-Density Parity-Check Real-Number Code},
	journal = {Radioengineering},
	volume  = {22},
	number  = {3},
	year    = {2013},
	month   = {sep}}

@article{Ma:2014aa,
	author    = {Yanting Ma and Dror Baron and Deanna Needell},
	title     = {Two-Part Reconstruction With Noisy-Sudocodes},
	journal   = {{IEEE} Trans. Signal Processing},
	volume    = {62},
	number    = {23},
	pages     = {6323--6334},
	year      = {2014},
	url       = {http://dx.doi.org/10.1109/TSP.2014.2362892},
	doi       = {10.1109/TSP.2014.2362892}}

@article{Tanner:2015aa,
	author = {Rodrigo Mendoza-Smith and Jared Tanner},
	title  = {Expander Parallel-l0 Decoding},
	year   = {2015}}

@article{Bhaktaviziam:1963aa,
	author  = {Bhaktaviziam, C and Mescon, H and Matoltsy, A},
	title   = {Shaving: I. study of skin and shavings},
	journal = {Archives of Dermatology},
	volume  = {88},
	number  = {6},
	pages   = {874-879},
	year    = {1963}}

@article{Hollander:1937aa,
	author = {Hollander, L and Casselmann, EJ},
	title = {Factors involved in satisfactory shaving},
	journal = {Journal of the American Medical Association},
	volume = {109},
	number = {2},
	pages = {95-101},
	year = {1937}}

@article {Breuer:1990aa,
	author = {Breuer, M.M. and Ackermann, C.S. and Pozzi, S. and Sneath, R.},
	title = {Measurement of beard hair removal efficacy using image analysis},
	journal = {International Journal of Cosmetic Science},
	volume = {12},
	number = {6},
	publisher = {Blackwell Publishing Ltd},
	issn = {1468-2494},
	pages = {229--241},
	year = {1990}}

@article{Fitt:1991aa,
	title = "On the optimum hand speed for two-blade razor shaving",
	author = "Fitt, {A. D.} and Lacey, {A. A.} and P. Wilmott",
	year = "1991",
	volume = "10",
	number = "3",
	pages = "122--126",
	journal = "Teaching Mathematics and its Applications",
	issn = "0268-3679"}

@article{Colombini:2002aa,
	title = {Uniqueness and Nonuniqueness for Nonsmooth Divergence Free Transport},
	author = {Colombini, Ferrucio, Luo, Tao, Rauch, Jeffrey},
	journal = {SÃ©minaire Ã‰quations aux dÃ©rivÃ©es partielles},
	pages = {1-21},
	publisher = {Centre de mathÃ©matiques Laurent Schwartz, Ã‰cole polytechnique},
	year = {2002-2003}}

@book{Teman:1985aa,
	Author = {Roger Teman},
	Date-Added = {2015-06-24 14:57:55 +0000},
	Date-Modified = {2015-06-24 15:00:03 +0000},
	Publisher = {Gauthier-Villars},
	Title = {Mathematical problems in plasticity},
	Year = {1985}}

@article{Suquet:1978aa,
	Author = {Suquet, Pierre M.},
	Date-Added = {2015-06-24 14:51:59 +0000},
	Date-Modified = {2015-06-24 14:53:17 +0000},
	Journal = {C. R. Acad. Sci. Paris S{\'e}r A},
	Pages = {1201-1204},
	Title = {Existence et r{\'e}gularit{\'e} des solutions der {\'e}quations de la plasticit{\'e} parfaite},
	Volume = {286},
	Year = {1978}}

@book{Matthies:1979aa,
	Address = {New York},
	Author = {H. Matthies and G. Strang and E. Christiansen},
	Date-Added = {2015-06-24 14:47:45 +0000},
	Date-Modified = {2015-06-24 14:51:26 +0000},
	Publisher = {Wiley},
	Series = {Energy Methods in Finite Element Analysis},
	Title = {The saddle point of a differential program},
	Year = {1979}}

@article{Mumford:1989aa,
	Author = {Mumford, D. and Shah, J.},
	Date-Modified = {2015-06-24 10:20:49 +0000},
	Journal = {Comm. Pure Appl. Math.},
	Month = jul,
	Number = {5},
	Pages = {577--685},
	Title = {{Optimal approximations by piecewise smooth functions and associated variational problems}},
	Volume = {42},
	Year = {1989}}

@article{Jordan:1881aa,
	Author = {Camille Jordan},
	Date-Added = {2015-06-24 10:10:10 +0000},
	Date-Modified = {2015-06-24 10:11:16 +0000},
	Journal = {C. R. Acad. Sci. Paris Tome},
	Pages = {228-230},
	Title = {Sur la s{\'e}rie de Fourier},
	Volume = {93},
	Year = {1881}}

@article{Dolcetta:1996aa,
	Author = {Italo Capuzzo Dolcetta and Benoith Perthame},
	Date-Added = {2015-06-23 13:08:42 +0000},
	Date-Modified = {2015-06-23 13:12:31 +0000},
	Journal = {Adv. Math. Sci Appl.},
	Pages = {689-703},
	Title = {On some analogy between different approaches to first order PDE's with nonsmooth coefficients},
	Volume = {6},
	Year = {1996}}

@article{Foote:1984aa,
	Author = {Robert L. Foote},
	Date-Added = {2015-06-17 09:26:45 +0000},
	Date-Modified = {2015-06-17 09:27:36 +0000},
	Journal = {Proceedings of the American Mathematical Society},
	Number = {1},
	Pages = {153-155},
	Title = {Regularity of the Distance Function},
	Volume = {92},
	Year = {1984}}

@article{Conti:2005aa,
	Author = {Sergio Conti and Daniel Faraco and Francesco Maggi},
	Journal = {Archive for Rational Mechanics and Analysis},
	Number = {2},
	Pages = {287--300},
	Title = {A new approach to counterexamples to L1 estimates: Korn's inequality, geometric rigidity, and regularity for gradients of separately convex functions},
	Volume = {175},
	Year = {2005}}

@article{Conti:2015aa,
	Archiveprefix = {arXiv},
	Author = {Sergio Conti and Matteo Focardi and Flaviana Iurlano},
	Eprint = {1502.07464},
	Title = {Which special functions of bounded deformation have bounded variation?},
	Year = {2015}}

@article{Ornstein:1962aa,
	Author = {Ornstein, Donald},
	Date-Modified = {2015-06-13 13:39:50 +0000},
	Doi = {10.1007/BF00253928},
	Issn = {0003-9527},
	Journal = {Archive for Rational Mechanics and Analysis},
	Language = {English},
	Number = {1},
	Pages = {40-49},
	Publisher = {Springer-Verlag},
	Title = {A non-inequality for differential operators in the L1 norm},
	Url = {http://dx.doi.org/10.1007/BF00253928},
	Volume = {11},
	Year = {1962},
	Bdsk-Url-1 = {http://dx.doi.org/10.1007/BF00253928}}

@article{Temam:1980aa,
	Author = {Temam, Roger and Strang, Gilbert},
	Date-Modified = {2015-05-27 15:44:16 +0000},
	Journal = {Archive for Rational Mechanics and Analysis},
	Number = {1},
	Pages = {7-21},
	Publisher = {Springer-Verlag},
	Title = {Functions of bounded deformation},
	Volume = {75},
	Year = {1980}}

@article{Suquet:1979aa,
	Author = {Suquet, Pierre M.},
	Date-Modified = {2015-05-27 15:44:05 +0000},
	Journal = {Annales de la facult{\'e} des sciences de Toulouse},
	Keywords = {Functional Space; Plasticity Problems; Trace; Boundary; 	Compact Embedding of Gagliardo Sobolev Type},
	Number = {1},
	Pages = {77-87},
	Publisher = {Universit{\'e} Paul Sabatier},
	Title = {Un espace fonctionnel pour les {\'e}quations de la plasticit{\'e}},
	Volume = {1},
	Year = {1979}}

@unpublished{Crippa:2015aa,
	Author = {Gianluca Crippa},
	Date-Added = {2015-05-12 10:58:09 +0000},
	Date-Modified = {2015-05-12 10:59:04 +0000},
	Month = {04},
	Title = {Private Communications},
	Year = {2015}}

@book{De-Lellis:2007aa,
	Author = {De Lellis, C.},
	Date-Added = {2015-04-16 13:51:49 +0000},
	Date-Modified = {2015-04-16 13:52:39 +0000},
	Number = {972},
	Publisher = {University of Zurich, Institute of Mathematics},
	Series = {S{\'e}minaire Bourbaki},
	Title = {Ordinary Differential Equations with Rough Coefficients and the Renormalization Theorem of Ambrosio [d'apr{\`e}s Ambrosio, DiPerna, Lions]},
	Url = {http://books.google.de/books?id=d9NQygAACAAJ},
	Year = {2007},
	Bdsk-Url-1 = {http://books.google.de/books?id=d9NQygAACAAJ}}

@article{DiPerna:1989aa,
	Author = {DiPerna, R.J. and Lions, P.L.},
	Date-Added = {2015-04-16 12:59:56 +0000},
	Date-Modified = {2015-04-16 12:59:56 +0000},
	Doi = {10.1007/BF01393835},
	Issn = {0020-9910},
	Journal = {Inventiones mathematicae},
	Language = {English},
	Number = {3},
	Pages = {511-547},
	Publisher = {Springer-Verlag},
	Title = {Ordinary differential equations, transport theory and Sobolev spaces},
	Url = {http://dx.doi.org/10.1007/BF01393835},
	Volume = {98},
	Year = {1989},
	Bdsk-Url-1 = {http://dx.doi.org/10.1007/BF01393835}}

@article{Depauw:2002aa,
	Abstract = {Nous exposons un exemple de non unicit{\'e} du probl{\`e}me de Cauchy non caract{\'e}ristique pour l'{\'e}quation de transport associ{\'e} {\`a} un champ de vecteurs born{\'e}, {\`a} divergence nulle et n{\'e}anmoins {\`a} coefficients peu r{\'e}guliers},
	Affiliation = {Math{\'e}matiques, Facult{\'e} des sciences, 2 rue de la Houssini{\`e}re, BP 92208, F-44322 NANTES CEDEX 03},
	Author = {Depauw, Nicolas},
	Date-Added = {2015-03-19 13:32:18 +0000},
	Date-Modified = {2015-03-19 13:32:21 +0000},
	Journal = {S{\'e}minaire {\'E}quations aux d{\'e}riv{\'e}es partielles},
	Keywords = {non-characteristic Cauchy problem; example of nonuniqueness},
	Language = {fre},
	Pages = {1-9},
	Publisher = {Centre de math{\'e}matiques Laurent Schwartz, {\'E}cole polytechnique},
	Title = {Non-unicit{\'e} du transport par un champ de vecteurs presque $BV$},
	Url = {http://eudml.org/doc/11061},
	Volume = {2002-2003},
	Year = {2002-2003},
	Bdsk-Url-1 = {http://eudml.org/doc/11061}}

@book{Giusti:1984aa,
	Address = {Boston},
	Author = {Giusti, Enrico},
	Date-Added = {2015-01-27 13:07:27 +0000},
	Date-Modified = {2015-01-27 13:07:33 +0000},
	Isbn = {0-8176-3153-4},
	Note = {Includes index},
	Publisher = {Birkh{\"a}user},
	Series = {Monographs in mathematics},
	Title = {Minimal surfaces and functions of bounded variation},
	Url = {http://opac.inria.fr/record=b1092192},
	Volume = {80},
	Year = 1984,
	Bdsk-Url-1 = {http://opac.inria.fr/record=b1092192}}

@article{Chen:2001aa,
	Author = {Chen, Gui-Qiang and Frid, Hermano},
	Date-Added = {2015-01-23 11:03:04 +0000},
	Date-Modified = {2015-01-23 11:03:04 +0000},
	Doi = {10.1007/BF01233674},
	Issn = {0100-3569},
	Journal = {Boletim da Sociedade Brasileira de Matem{\'a}tica - Bulletin/Brazilian Mathematical Society},
	Keywords = {divergence-measure fields; normal traces; Gauss-Green theorem; product rules; Radon measures; conservation laws; Euler equations; gas dynamics; entropy solutions; entropy inequality; stability; uniqueness; vacuum; Cauchy problem; initial layers; boundary layers; initial-boundary value problems; Primary: 00-02; 26B20; 28C05; 35L65; 35B10; 35B35; Secondary: 26B35; 26B12; 35L67},
	Language = {English},
	Number = {3},
	Pages = {401-433},
	Publisher = {Springer-Verlag},
	Title = {On the theory of divergence-measure fields and its applications},
	Url = {http://dx.doi.org/10.1007/BF01233674},
	Volume = {32},
	Year = {2001},
	Bdsk-Url-1 = {http://dx.doi.org/10.1007/BF01233674}}

@book{Evans:1992aa,
	Address = {Boca Raton (Fla.)},
	Author = {Evans, Lawrence C. and Gariepy, Ronald F.},
	Date-Added = {2015-01-21 14:01:48 +0000},
	Date-Modified = {2015-01-21 14:01:54 +0000},
	Isbn = {0-8493-7157-0},
	Publisher = {CRC Press},
	Series = {Studies in advanced mathematics},
	Title = {Measure theory and fine properties of functions},
	Url = {http://opac.inria.fr/record=b1089059},
	Year = 1992,
	Bdsk-Url-1 = {http://opac.inria.fr/record=b1089059}}

@article{Babadjian:2013aa,
	Adsnote = {Provided by the SAO/NASA Astrophysics Data System},
	Adsurl = {http://adsabs.harvard.edu/abs/2013arXiv1308.5497B},
	Archiveprefix = {arXiv},
	Author = {{Babadjian}, J.-F.},
	Eprint = {1308.5497},
	Journal = {ArXiv e-prints},
	Keywords = {Mathematics - Functional Analysis, Mathematics - Analysis of PDEs},
	Month = aug,
	Primaryclass = {math.FA},
	Title = {{Traces of functions of bounded deformation}},
	Year = 2013}

@article{Ambrosio:2005aa,
	Author = {Luigi Ambrosio and Gianluca Crippa and Stefania Maniglia},
	Date-Modified = {2015-04-16 12:59:24 +0000},
	Journal = {Annales de la facult{\'e} des sciences de Toulouse},
	Keywords = {finite deformation; DiPerna-Lions theory; bounded deformation},
	Language = {eng},
	Number = {4},
	Pages = {527-561},
	Publisher = {Universit{\'e} Paul Sabatier},
	Title = {Traces and fine properties of a $BD$ class of vector fields and applications},
	Url = {http://eudml.org/doc/73657},
	Volume = {14},
	Year = {2005},
	Bdsk-Url-1 = {http://eudml.org/doc/73657}}

@article{Ambrosio:2004aa,
	Author = {Ambrosio, Luigi},
	Date-Modified = {2014-10-26 16:48:25 +0000},
	Doi = {10.1007/s00222-004-0367-2},
	Issn = {0020-9910},
	Journal = {Inventiones mathematicae},
	Language = {English},
	Number = {2},
	Pages = {227-260},
	Publisher = {Springer-Verlag},
	Title = {Transport equation and Cauchy problem for BV vector fields},
	Url = {http://dx.doi.org/10.1007/s00222-004-0367-2},
	Volume = {158},
	Year = {2004},
	Bdsk-Url-1 = {http://dx.doi.org/10.1007/s00222-004-0367-2}}

@article{lawler:1995a,
	Abstract = {Let $B$ be a Brownian motion in $R^d$, $d=2,3$. A time $t\in [0,1]$ is called a cut time for $B[0,1]$ if $B[0,t) \cap B(t,1] = \emptyset$. We show that the Hausdorff dimension of the set of cut times equals $1 - \zeta$, where $\zeta = \zeta_d$ is the intersection exponent. The theorem, combined with known estimates on $\zeta_3$, shows that the percolation dimension of Brownian motion (the minimal Hausdorff dimension of a subpath of a Brownian path) is strictly greater than one in $R^3$.},
	Author = {Gregory Lawler},
	Doi = {10.1214/EJP.v1-2},
	Fjournal = {Electronic Journal of Probability},
	Issn = {1083-6489},
	Journal = {Electron. J. Probab.},
	Keywords = {Brownian motion,Hausdorff dimension, cut points, intersection exponent},
	Pages = {no. 2, 1-20},
	Title = {Hausdorff Dimension of Cut Points for Brownian Motion},
	Url = {http://ejp.ejpecp.org/article/view/2},
	Volume = {1},
	Year = {1995},
	Bdsk-Url-1 = {http://ejp.ejpecp.org/article/view/2},
	Bdsk-Url-2 = {http://dx.doi.org/10.1214/EJP.v1-2}}

@book{Ambrosio:2000aa,
	Author = {Ambrosio, L. and Fusco, N. and Pallara, D.},
	Date-Added = {2014-05-14 17:35:30 +0000},
	Date-Modified = {2014-05-14 17:35:37 +0000},
	Isbn = {9780198502456},
	Lccn = {99046602},
	Publisher = {Clarendon Press},
	Series = {Oxford Science Publications},
	Title = {Functions of Bounded Variation and Free Discontinuity Problems},
	Url = {http://books.google.co.uk/books?id=7GUMIh6-5TYC},
	Year = {2000},
	Bdsk-Url-1 = {http://books.google.co.uk/books?id=7GUMIh6-5TYC}}

@article{White:1998aa,
	Author = {Brian White},
	Date-Added = {2014-06-04 12:03:52 +0000},
	Date-Modified = {2014-06-04 12:05:13 +0000},
	Journal = {Journal of the American Mathematical Society},
	Month = jul,
	Number = {3},
	Pages = {693-701},
	Title = {A New Proof of Federer's Structure Theorem for k-Dimensional Subsets of RN},
	Volume = {11},
	Year = {1998}}

@misc{Werner:2002aa,
	Author = {Wendelin Werner},
	Date-Added = {2014-06-03 21:43:00 +0000},
	Date-Modified = {2014-06-03 21:46:00 +0000},
	Howpublished = {lecture notes for the 2002 Saint-Flour summer school},
	Month = jul,
	Title = {Random planar curves and Schramm-Loewner evolutions},
	Year = {2002}}

@book{Revuz:1999aa,
	Author = {Revuz, D. and Yor, M.},
	Date-Added = {2014-06-03 21:42:39 +0000},
	Date-Modified = {2014-06-03 21:45:49 +0000},
	Isbn = {9783540643258},
	Lccn = {98053189},
	Publisher = {Springer},
	Series = {Grundlehren der mathematischen Wissenchaften A series of comprehensive studies in mathematics},
	Title = {Continuous Martingales and Brownian Motion},
	Url = {http://books.google.de/books?id=1ml95FLM5koC},
	Year = {1999},
	Bdsk-Url-1 = {http://books.google.de/books?id=1ml95FLM5koC}}

@book{moertersperes:2006aa,
	Date-Added = {2014-06-03 21:41:39 +0000},
	Date-Modified = {2014-06-03 21:45:44 +0000},
	Publisher = {{Peter M\"orters and Yuval Peres}},
	Title = {Brownian Motion},
	Year = {2006}}

@book{Lawler:2005aa,
	Author = {Lawler, G.F.},
	Date-Added = {2014-06-03 21:40:03 +0000},
	Date-Modified = {2014-06-03 21:45:47 +0000},
	Isbn = {9780821836774},
	Lccn = {2004062341},
	Publisher = {American Mathematical Society},
	Series = {Mathematical surveys and monographs},
	Title = {Conformally Invariant Processes in the Plane},
	Url = {http://books.google.co.uk/books?id=JHMzab3u6U8C},
	Year = {2005},
	Bdsk-Url-1 = {http://books.google.co.uk/books?id=JHMzab3u6U8C}}

@book{Falconer:2003aa,
	Abstract = {{Since its original publication in 1990, Kenneth Falconer's Fractal Geometry: Mathematical Foundations and Applications has become a seminal text on the mathematics of fractals. It introduces the general mathematical theory and applications of fractals in a way that is accessible to students from a wide range of disciplines. This new edition has been extensively revised and updated. It features much new material, many additional exercises, notes and references, and an extended bibliography that reflects the development of the subject since the first edition.* Provides a comprehensive and accessible introduction to the mathematical theory and applications of fractals.* Each topic is carefully explained and illustrated by examples and figures.* Includes all necessary mathematical background material.* Includes notes and references to enable the reader to pursue individual topics.* Features a wide selection of exercises, enabling the reader to develop their understanding of the theory.* Supported by a Web site featuring solutions to exercises, and additional material for students and lecturers.Fractal Geometry: Mathematical Foundations and Applications is aimed at undergraduate and graduate students studying courses in fractal geometry. The book also provides an excellent source of reference for researchers who encounter fractals in mathematics, physics, engineering, and the applied sciences.Also by Kenneth Falconer and available from Wiley:Techniques in Fractal GeometryISBN 0-471-95724-0Please click here to download solutions to exercises found within this title:http://www.wileyeurope.com/fractal}},
	Author = {Falconer, Kenneth},
	Citeulike-Article-Id = {2343698},
	Citeulike-Linkout-0 = {http://www.amazon.ca/exec/obidos/redirect?tag=citeulike09-20\&amp;path=ASIN/0470848626},
	Citeulike-Linkout-1 = {http://www.amazon.de/exec/obidos/redirect?tag=citeulike01-21\&amp;path=ASIN/0470848626},
	Citeulike-Linkout-2 = {http://www.amazon.fr/exec/obidos/redirect?tag=citeulike06-21\&amp;path=ASIN/0470848626},
	Citeulike-Linkout-3 = {http://www.amazon.jp/exec/obidos/ASIN/0470848626},
	Citeulike-Linkout-4 = {http://www.amazon.co.uk/exec/obidos/ASIN/0470848626/citeulike00-21},
	Citeulike-Linkout-5 = {http://www.amazon.com/exec/obidos/redirect?tag=citeulike07-20\&amp;path=ASIN/0470848626},
	Citeulike-Linkout-6 = {http://www.worldcat.org/isbn/0470848626},
	Citeulike-Linkout-7 = {http://books.google.com/books?vid=ISBN0470848626},
	Citeulike-Linkout-8 = {http://www.amazon.com/gp/search?keywords=0470848626\&amp;index=books\&amp;linkCode=qs},
	Citeulike-Linkout-9 = {http://www.librarything.com/isbn/0470848626},
	Date-Added = {2014-06-03 21:39:34 +0000},
	Date-Modified = {2014-06-03 21:45:51 +0000},
	Day = {14},
	Edition = {2},
	Howpublished = {Paperback},
	Isbn = {0470848626},
	Keywords = {fractal, intrinsic-dimension-estimation},
	Month = nov,
	Posted-At = {2008-02-06 22:54:53},
	Priority = {2},
	Publisher = {Wiley},
	Title = {{Fractal Geometry: Mathematical Foundations and Applications}},
	Url = {http://www.amazon.com/exec/obidos/redirect?tag=citeulike07-20\&amp;path=ASIN/0470848626},
	Year = {2003},
	Bdsk-Url-1 = {http://www.amazon.com/exec/obidos/redirect?tag=citeulike07-20%5C&amp;path=ASIN/0470848626}}

@book{Falconer:1986aa,
	Author = {Falconer, K.J.},
	Date-Added = {2014-06-03 21:38:43 +0000},
	Date-Modified = {2014-06-03 21:46:07 +0000},
	Isbn = {9780521337052},
	Lccn = {84012091},
	Publisher = {Cambridge University Press},
	Series = {Cambridge Tracts in Mathematics},
	Title = {The Geometry of Fractal Sets},
	Url = {http://books.google.de/books?id=-Kwp-GrimCIC},
	Year = {1986},
	Bdsk-Url-1 = {http://books.google.de/books?id=-Kwp-GrimCIC}}

@article{Miranda:1964aa,
	Author = {Miranda, Mario},
	Date-Modified = {2014-05-13 12:09:58 +0000},
	Journal = {Annali della Scuola Normale Superiore di Pisa - Classe di Scienze},
	Keywords = {differentiation and integration, measure theory},
	Number = {4},
	Pages = {515-542},
	Publisher = {Scuola Normale Superiore},
	Title = {Superfici cartesiane generalizzate ed insiemi di perimetro localmente finito sui prodotti cartesiani},
	Volume = {18},
	Year = {1964}}

@article{Ambrosio:1997aa,
	Author = {Luigi Ambrosio and Alessandra Coscia and Gianni Dal Maso},
	Date-Added = {2014-05-11 13:47:43 +0000},
	Date-Modified = {2014-05-11 13:47:54 +0000},
	Journal = {Arch. Rational Mech. Anal.},
	Pages = {201-238},
	Title = {Fine Properties of Functions with Bounded Deformation},
	Volume = {139},
	Year = {1997}}

@unpublished{Graham:2014aa,
	Author = {Ben Graham},
	Date-Added = {2014-04-30 14:13:07 +0000},
	Date-Modified = {2014-04-30 14:14:51 +0000},
	Month = jan,
	Note = {Warwick ST912 Course},
	Title = {Teaching your computer to read},
	Year = {2014}}

@book{Steinwart:2008aa,
	Author = {Steinwart, I. and Christmann, A.},
	Isbn = {9780387772424},
	Lccn = {2008932159},
	Publisher = {Springer},
	Series = {Information Science and Statistics},
	Title = {Support Vector Machines},
	Year = {2008}}

@book{Abe:2010aa,
	Author = {Abe, S.},
	Isbn = {9781849960984},
	Lccn = {2010920369},
	Publisher = {Springer},
	Series = {Advances in Computer Vision and Pattern Recognition},
	Title = {Support Vector Machines for Pattern Classification},
	Year = {2010}}

@article{Johnson:2012aa,
	Author = {Johnson, Valen E. and Rossell, David},
	Journal = {Journal of the American Statistical Association},
	Number = {498},
	Pages = {649-660},
	Title = {Bayesian Model Selection in High-Dimensional Settings},
	Volume = {107},
	Year = {2012}}

@incollection{Rossell:2013aa,
	Author = {Rossell, David and Telesca, Donatello and Johnson, Valen E.},
	Booktitle = {Statistical Models for Data Analysis},
	Editor = {Giudici, Paolo and Ingrassia, Salvatore and Vichi, Maurizio},
	Isbn = {978-3-319-00031-2},
	Pages = {305-313},
	Publisher = {Springer},
	Series = {Studies in Classification, Data Analysis, and Knowledge Organization},
	Title = {High-Dimensional Bayesian Classifiers Using Non-Local Priors.},
	Year = 2013}

@article{Johnson:2010aa,
	Author = {Valen E. Johnson and David Rossell},
	Journal = {Journal of the Royal Statistical Society Series B},
	Number = {2},
	Pages = {143-170},
	Title = {{On the use of non-local prior densities in Bayesian hypothesis tests}},
	Volume = {72},
	Year = 2010}

@techreport{Bahadur:1967aa,
	Author = {Bahadur, R.R. and Bickel, P.J.},
	Date-Added = {2014-04-26 17:56:37 +0000},
	Date-Modified = {2014-04-26 17:58:04 +0000},
	Institution = {University of Chicago, Chicago},
	Journal = {Technical Report},
	Title = {Asymptotic optimality of Bayes' test statistics},
	Year = {1967}}

@article{Walker:1969aa,
	Author = {Walker, A. M.},
	Journal = {Journal of the Royal Statistical Society. Series B (Methodological)},
	Number = {1},
	Publisher = {Wiley for the Royal Statistical Society},
	Title = {{On the Asymptotic Behaviour of Posterior Distributions}},
	Volume = {31},
	Year = {1969}}

@article{PolRob1994Bayes,
	Author = {{Nicholas G. Polson, Gareth O. Roberts}},
	Date-Added = {2014-01-19 18:15:54 +0000},
	Date-Modified = {2014-01-19 18:17:20 +0000},
	Journal = {Biometrika},
	Month = mar,
	Pages = {11-26},
	Title = {{Bayes Factors for Discrete Observations from Diffusion Processes}},
	Volume = {81},
	Year = {1994}}

@article{Kass:1995aa,
	Author = {Kass, Robert E. and Raftery, Adrian E.},
	Date-Added = {2014-01-18 17:32:35 +0000},
	Date-Modified = {2014-01-18 17:32:45 +0000},
	Issn = {01621459},
	Journal = {Journal of the American Statistical Association},
	Keywords = {bayesian},
	Month = jun,
	Number = {430},
	Pages = {773--795},
	Priority = {2},
	Publisher = {American Statistical Association},
	Title = {{Bayes Factors}},
	Volume = {90},
	Year = {1995}}

@book{oksendal1998stochastic,
	Author = {{\O}ksendal, B.K.},
	Date-Added = {2014-01-18 14:31:44 +0000},
	Date-Modified = {2014-01-18 14:31:44 +0000},
	Isbn = {9783540637202},
	Lccn = {91041692},
	Publisher = {Springer},
	Series = {Universitext (1979)},
	Title = {Stochastic differential equations: an introduction with applications},
	Url = {http://books.google.co.uk/books?id=XGIPAQAAMAAJ},
	Year = {1998},
	Bdsk-Url-1 = {http://books.google.co.uk/books?id=XGIPAQAAMAAJ}}

@article{Xiu09fastnumerical,
	Author = {Dongbin Xiu},
	Date-Added = {2014-01-01 19:20:59 +0000},
	Date-Modified = {2014-01-01 19:21:04 +0000},
	Title = {Fast Numerical Methods for Stochastic Computations: A Review},
	Year = {2009}}

@article{NarayanXiu12,
	Author = {Narayan, Akil and Xiu, Dongbin},
	Date-Added = {2014-01-01 19:16:36 +0000},
	Date-Modified = {2014-01-01 19:17:01 +0000},
	Journal = {SIAM J. Scientific Computing},
	Number = 3,
	Title = {Stochastic Collocation Methods on Unstructured Grids in High Dimensions via Interpolation.},
	Volume = 34,
	Year = 2012,
	Bdsk-Url-1 = {http://dblp.uni-trier.de/db/journals/siamsc/siamsc34.html#NarayanX12}}

@article{Boor90onmultivariate,
	Author = {Carl de Boor and Amos Ron},
	Date-Added = {2014-01-01 19:15:02 +0000},
	Date-Modified = {2014-01-01 19:15:15 +0000},
	Title = {On Multivariate Polynomial Interpolation},
	Year = {1990}}

@article{berger1994bayesian,
	Author = {Berger, James and Moreno, El{\'\i}as and Pericchi, Luis and Bayarri, M. and Bernardo, Jos{\'e} and Cano, Juan and Horra, Juli{\'a}n and Mart{\'\i}n, Jacinto and R{\'\i}os-Ins{\'u}a, David and Betr{\`o}, Bruno and Dasgupta, A. and Gustafson, Paul and Wasserman, Larry and Kadane, Joseph and Srinivasan, Cid and Lavine, Michael and O'Hagan, Anthony and Polasek, Wolfgang and Robert, Christian and Goutis, Constantinos and Ruggeri, Fabrizio and Salinetti, Gabriella and Sivaganesan, Siva},
	Journal = {TEST: An Official Journal of the Spanish Society of Statistics and Operations Research},
	Number = {1},
	Pages = {5-124},
	Title = {An overview of robust Bayesian analysis},
	Volume = {3},
	Year = {1994}}

@book{xiu2010numerical,
	Author = {Xiu, D.},
	Isbn = {9781400835348},
	Publisher = {Princeton University Press},
	Title = {Numerical Methods for Stochastic Computations: A Spectral Method Approach},
	Year = {2010}}

@book{maitre2010spectral,
	Author = {Ma{\^\i}tre, O.P.L. and Knio, O.M.},
	Isbn = {9789048135202},
	Lccn = {2010921813},
	Publisher = {Springer},
	Series = {Scientific computation},
	Title = {Spectral Methods for Uncertainty Quantification: With Applications to Computational Fluid Dynamics},
	Year = {2010}}

@book{gilks1995markov,
	Author = {Gilks, W.R. and Richardson, S. and Spiegelhalter, D.},
	Isbn = {9780412055515},
	Lccn = {98033429},
	Publisher = {Taylor \&amp; Francis},
	Series = {Chapman \&amp; Hall/CRC Interdisciplinary Statistics},
	Title = {Markov Chain Monte Carlo in Practice},
	Year = {1995}}

@book{wasserman2004all,
	Author = {Wasserman, L.},
	Isbn = {9780387402727},
	Lccn = {2003062209},
	Publisher = {Springer},
	Series = {Springer Texts in Statistics},
	Title = {All of Statistics: A Concise Course in Statistical Inference},
	Year = {2004}}

@book{casella2002statistical,
	Author = {Casella, G. and Berger, R.L.},
	Isbn = {9780534243128},
	Lccn = {89027287},
	Publisher = {Thomson Learning},
	Series = {Duxbury advanced series in statistics and decision sciences},
	Title = {Statistical inference},
	Year = {2002}}

@book{durrett2010probability,
	Author = {Durrett, R.},
	Isbn = {9781139491136},
	Lccn = {2004541125},
	Number = {Bd. 3},
	Publisher = {Cambridge University Press},
	Series = {Cambridge Series in Statistical and Probabilistic Mathematics},
	Title = {Probability: Theory and Examples},
	Year = {2010}}

@book{chow2003probability,
	Author = {Chow, Y.S. and Teicher, H.},
	Isbn = {9780387406077},
	Lccn = {97009299},
	Publisher = {Springer},
	Series = {Springer Texts in Statistics},
	Title = {Probability Theory: Independence, Interchangeability, Martingales},
	Year = {2003}}

@book{oksendal2003stochastic,
	Author = {{\O}ksendal, B.},
	Isbn = {9783540047582},
	Lccn = {2007923169},
	Publisher = {U.S. Government Printing Office},
	Series = {Hochschultext / Universitext},
	Title = {Stochastic Differential Equations: An Introduction with Applications},
	Year = {2003}}

@book{ross2007second,
	Author = {ROSS, S.M.A. and PEKOZ, E.A.A.},
	Isbn = {9780979570407},
	Lccn = {2007930255},
	Publisher = {www.ProbabilityBookstore.com},
	Title = {A Second Course in Probability},
	Year = {2007}}

@book{breiman1992probability,
	Author = {Breiman, L.},
	Isbn = {9781611971286},
	Publisher = {{Society for Industrial and Applied Mathematics (SIAM, 3600 Market Street, Floor 6, Philadelphia, PA 19104)}},
	Series = {Classics in applied mathematics},
	Title = {Probability},
	Year = {1992}}

@book{williams1991probability,
	Author = {Williams, D.},
	Isbn = {9780521406055},
	Lccn = {gb90046351},
	Publisher = {Cambridge University Press},
	Series = {Cambridge mathematical textbooks},
	Title = {Probability with Martingales},
	Year = {1991}}

@book{grimmett2001probability,
	Author = {Grimmett, G. and Stirzaker, D.},
	Isbn = {9780198572220},
	Lccn = {2001034061},
	Publisher = {OUP Oxford},
	Series = {Probability and Random Processes},
	Title = {Probability and Random Processes},
	Year = {2001}}

@book{cox1977theory,
	Author = {Cox, D.R. and Miller, H.D.},
	Isbn = {9780412151705},
	Publisher = {Taylor \&amp; Francis},
	Series = {Science paperbacks},
	Title = {The Theory of Stochastic Processes},
	Year = {1977}}

@book{zeidler1995applied,
	Author = {Zeidler, E.},
	Isbn = {9780387944425},
	Lccn = {lc94043219},
	Publisher = {Springer},
	Series = {Applied functional analysis / Eberhard Zeidler},
	Title = {Applied Functional Analysis: Applications to Mathematical Physics},
	Year = {1995}}

@book{renardy2004introduction,
	Author = {Renardy, M. and Rogers, R.C.},
	Isbn = {9780387004440},
	Lccn = {2003042471},
	Publisher = {Springer},
	Series = {Texts in Applied Mathematics},
	Title = {An Introduction to Partial Differential Equations},
	Year = {2004}}

@book{evans2010partial,
	Author = {Evans, L.C.},
	Isbn = {9780821849743},
	Lccn = {2009044716},
	Publisher = {American Mathematical Society},
	Series = {Graduate studies in mathematics},
	Title = {Partial Differential Equations},
	Year = {2010}}

@misc{hollander2000stochastic,
	Author = {F. den Hollander, H. Maassen},
	Month = aug,
	Title = {Stochastic Analysis},
	Year = {2000}}

@book{karatzas1991brownian,
	Author = {Karatzas, I. and Shreve, S.E.},
	Isbn = {9780387976556},
	Lccn = {96167783},
	Publisher = {Springer},
	Series = {Graduate Texts in Mathematics},
	Title = {Brownian Motion and Stochastic Calculus},
	Year = {1991}}

@article{LSW43,
	Author = {Lawler, Gregory F. and Schramm, Oded and Werner, Wendelin},
	Journal = {Mathematical Review Letters},
	Pages = {13--24},
	Title = {The Dimension of the {Brownian} Frontier is $4/3$},
	Volume = 8,
	Year = 2001}
